
@inproceedings{MP-ICTAC-2021,
	author = {Miculan, Marino and Pasqua, Michele},
	editor = {Cerone, Antonio and \"{O}lveczky, Peter},
	title = {A Calculus for Attribute-based Memory Updates},
	booktitle = {Theoretical Aspects of Computing - {ICTAC} 2021 - 18$^{th}$ International Colloquium, Nur-Sultan, Kazakhstan, Sep. 6-10, 2021, Proceedings},
	series = {Lecture Notes in Computer Science},
	volume = {},
	pages = {},
	publisher = {Springer},
	year = {2021},
	doi = {}
}

